@misc { dsgvo-original,
  shorthand    = {DSGVO},
  title        = {Verordnung (EU) 2016/679 des Europäischen Parlaments und des Rates vom 27. April 2016 zum Schutz
  natürlicher Personen bei der Verarbeitung personenbezogener Daten, zum freien Datenverkehr und zur Aufhebung der Richtlinie 95/46/EG (Datenschutz-Grundverordnung)},
  howpublished = {ABl. L 119 vom 04.05.2016, S. 1},
  url          = {https://eur-lex.europa.eu/legal-content/DE/TXT/?uri=CELEX%3A32016R0679}
}

@misc { dsgvo-korr-2016,
  shorthand    = {DSGVO-C1},
  title        = {Berichtigung der Verordnung (EU) 2016/679 des Europäischen Parlaments und des Rates vom 27. April 2016
  zum Schutz natürlicher Personen bei der Verarbeitung personenbezogener Daten, zum freien Datenverkehr und zur Aufhebung der Richtlinie 95/46/EG},
  date         = {2016-11-22},
  howpublished = {ABl. L 314 vom 22.11.2016, S. 72–72},
  url          = {https://eur-lex.europa.eu/legal-content/DE/TXT/?uri=celex%3A32016R0679R%2801%29}
}

@misc { dsgvo-korr-2018,
  shorthand    = {DSGVO-C2},
  title        = {Berichtigung der Verordnung (EU) 2016/679 des Europäischen Parlaments und des Rates vom 27. April 2016
  zum Schutz natürlicher Personen bei der Verarbeitung personenbezogener Daten, zum freien Datenverkehr und zur Aufhebung der Richtlinie 95/46/EG},
  date         = {2018-05-23},
  howpublished = {ABl. L 127 vom 23.5.2018, S. 2–8},
  url          = {https://eur-lex.europa.eu/legal-content/DE/TXT/?uri=celex%3A32016R0679R%2802%29}
}

@misc { dsgvo-korr-2021,
  shorthand    = {DSGVO-C3},
  title        = {Berichtigung der Verordnung (EU) 2016/679 des Europäischen Parlaments und des Rates vom 27. April 2016
  zum Schutz natürlicher Personen bei der Verarbeitung personenbezogener Daten, zum freien Datenverkehr und zur Aufhebung der Richtlinie 95/46/EG},
  date         = {2021-03-04},
  howpublished = {ABl. L 74 vom 4.3.2021, S. 35–35},
  url          = {https://eur-lex.europa.eu/legal-content/DE/TXT/?uri=celex%3A32016R0679R%2803%29}
}

@misc { euv,
  shorthand    = {EUV},
  title        = {Vertrag über die Europäische Union},
  url          = {https://eur-lex.europa.eu/legal-content/DE/TXT/?uri=CELEX:12016M}
}

@misc { vo-ds-fdv,
  shorthand    = {V-EU 45/2001},
  title        = {Verordnung (EG) Nr. 45/2001 des Europäischen Parlaments und des Rates vom 18. Dezember 2000 zum Schutz natürlicher Personen bei der Verarbeitung personenbezogener Daten durch die Organe und Einrichtungen der Gemeinschaft und zum freien Datenverkehr},
  date         = {2001-01-12},
  howpublished = {ABl. L 008 vom 12/01/2001 S. 0001 - 0022},
  url          = {https://eur-lex.europa.eu/legal-content/DE/TXT/?uri=CELEX:32001R0045}
}

@misc { ril-egv,
  shorthand    = {Ril 2000/31/EG},
  title        = {Richtlinie 2000/31/EG des Europäischen Parlaments und des Rates vom 8. Juni 2000 über bestimmte rechtliche Aspekte der Dienste der Informationsgesellschaft, insbesondere des elektronischen Geschäftsverkehrs, im Binnenmarkt ("Richtlinie über den elektronischen Geschäftsverkehr")},
  date         = {2000-07-17},
  howpublished = {ABl. L 178 vom 17/07/2000 S. 0001 - 0016},
  url          = {https://eur-lex.europa.eu/legal-content/DE/TXT/?uri=CELEX:32000L0031}
}

@misc { ril-iv-tv,
  shorthand    = {Ril 2000/31/EU},
  title        = {Richtlinie (EU) 2015/1535 des Europäischen Parlaments und des Rates vom 9. September 2015 über ein Informationsverfahren auf dem Gebiet der technischen Vorschriften und der Vorschriften für die Dienste der Informationsgesellschaft},
  date         = {2015-09-09},
  howpublished = {ABl. L 241 vom 17.9.2015, S. 1–15},
  url          = {https://eur-lex.europa.eu/legal-content/DE/TXT/?uri=CELEX%3A32015L1535}
}

@misc { ril-ds-ek,
  shorthand    = {Ril 2002/58/EG},
  title        = {Richtlinie 2002/58/EG des Europäischen Parlaments und des Rates vom 12. Juli 2002 über die Verarbeitung personenbezogener Daten und den Schutz der Privatsphäre in der elektronischen Kommunikation (Datenschutzrichtlinie für elektronische Kommunikation)},
  date         = {2002-07-12},
  howpublished = {ABl. L 201 vom 31.7.2002, S. 37–47},
  url          = {https://eur-lex.europa.eu/legal-content/DE/TXT/?uri=CELEX:32002L0058}
}

